@book{bjork2019arbitrage,
  title={Arbitrage Theory in Continuous Time},
  author={Bj{\"o}rk, T.},
  isbn={9780192592453},
  series={Oxford Finance Series},
  url={https://books.google.co.uk/books?id=c3_CDwAAQBAJ},
  year={2019},
  publisher={Oxford}
}

@book{brigo_mercurio2013,
  title={Interest Rate Models Theory and Practice},
  author={Brigo, D. and Mercurio, F.},
  isbn={9783662045534},
  series={Springer Finance},
  url={https://books.google.co.uk/books?id=USvrCAAAQBAJ},
  year={2013},
  publisher={Springer Berlin Heidelberg}
}

@misc{rotondi2024lecture,
    author       = {Francesco Rotondi},
    title        = {Computational Methods and Machine Learning - lattice methodologies},
    howpublished = {MAFINRISK Lecture notes},
    year         = {2024},
    month        = February,
    note         = {Lecture at Bocconi University}
}

@misc{quantpie,
    author       = {Quantpie},
    title        = {Hull-White model},
    howpublished = {\url{https://quantpie.co.uk/srm/hull_white_sr.php}},
    note         = {Accessed: 2024-08-20}
}

@misc{quantpieVasicek,
    author       = {Quantpie},
    title        = {Vasicek model},
    howpublished = {\url{https://quantpie.co.uk/srm/vasicek_sr.php}},
    note         = {Accessed: 2024-08-20}
}

@misc{libertychaser,
    author       = {LibertyChaser},
    title        = {Hull-White Model Calibration for ATM Caplets and Caps},
    howpublished = {\url{https://github.com/LibertyChaser/HullWhite-ATM-Caplet-Calibration}},
    note         = {Accessed: 2024-08-10}
}